@online{EarliestWriting,
    author = "Paul Rincon",
    title = "'Earliest writing' found in China",
    url  = "http://news.bbc.co.uk/2/hi/science/nature/2956925.stm",
    addendum = "(accessed: 24. 2. 2019)",
    keywords = "čína, písmo"}

@book{Papir,
    author = "František Zuman",
    title = "Papír: historie řemesla a výrobní techniky",
    year = {1983},
    isbn = "(váz.)",
    publisher = "Praha: Svaz průmyslu papíru a celulózy, 1983"
}